@misc{
    WWDC,
    title = {{Apple Worldwide Developers Conference}},
    note = {on-line at: \url{https://apps.apple.com/us/app/apple-developer/id640199958?mt=8}},
    author = {Apple Inc.},
    year = {2021}
}

@misc{
    SwiftOfficialSite,
    title = {{Swift.org}},
    note = {on-line at: \url{https://www.swift.org/}},
    author = {Apple Inc.},
    year = {2021}
}

@misc{
    StackOverflow,
    title = {{Stack overflow}},
    note = {on-line at: \url{https://stackoverflow.com/}},
    author = {StackOverflow}
}

@misc{
    GitHub_Swift,
    title = {{Swift on GitHub}},
    note = {on-line at: \url{https://github.com/apple/swift}},
    author = {Apple Inc.}
}

@misc{
    Swift_Playground,
    title = {{Swift Playground}},
    note = {on-line at: \url{https://www.apple.com/swift/playgrounds/}},
    author = {Apple Inc.}
}

@misc{
    Swift_SwiftUI,
    title = {{SwiftUI}},
    note = {on-line at: \url{https://developer.apple.com/xcode/swiftui/}},
    author = {Apple Inc.}
}

@misc{
    Swift_Education,
    title = {{Swift Education}},
    note = {on-line at: \url{https://www.apple.com/education/k12/teaching-code/}},
    author = {Apple Inc.}
}

@misc{
    Apple_Developer,
    title = {{Apple Developer}},
    note = {on-line at: \url{https://developer.apple.com/swift/}},
    author = {Apple Inc.}
}

@misc{
    Importing_Objective-C_into_Swift,
    title = {{Importing Objective-C into Swift}},
    note = {on-line at: \url{https://developer.apple.com/documentation/swift/imported_c_and_objective-c_apis/i    mporting_objective-c_into_swift}},
    author = {Apple Inc.}
}

@misc{
    Importing_Swift_into_Objective-C,
    title = {{Importing Swift into Objective-C}},
    note = {on-line at: \url{https://developer.apple.com/documentation/swift/imported_c_and_objective-c_apis/i    mporting_swift_into_objective-c}},
    author = {Apple Inc.}
}

@misc{
    Mastering_Xcode_Previews,
    title = {{Mastering Xcode Previews}},
    note = {on-line at: \url{https://developer.apple.com/videos/play/wwdc2019/233/}},
    author = {Apple Inc.}
}

@misc{
    Structure_your_app_for_SwiftUI_previews,
    title = {{Structure your app for SwiftUI previews}},
    note = {on-line at: \url{https://developer.apple.com/videos/play/wwdc2020/10149/}},
    author = {Apple Inc.}
}

@misc{
    Xcode,
    title = {{Apple Developer - Xcode}},
    note = {on-line at: \url{https://developer.apple.com/xcode/}},
    author = {Apple Inc.}
}

@misc{
    REST,
    title = {{REST API}},
    note = {on-line at: \url{https://restfulapi.net/}},
    author = {Lokesh Gupta}
}

@misc{
    OAuth,
    title = {{OAuth 2.0}},
    note = {on-line at: \url{https://oauth.net/2/}},
    author = {Aaron Parecki}
}

@book{
    The_Swift_Programming_Language,
    title = {The Swift Programming Language (Swift 5.6)},
    author={Apple Inc.},
    url={https://books.apple.com/us/book/the-swift-programming-language-swift-5-5/id881256329},
    year={2014},
    publisher={Apple Inc.}
}

@book{
    SwiftUI_Cookbook,
    title={SwiftUI Cookbook, Second Edition},
    author={Giordano Scalzo, Edgar Nzokwe},
    isbn={978-1-80323-445-8},
    url={https://books.google.rs/books?id=h_lLEAAAQBAJ&pg=PA580&dq=SwiftUI+Cookbook+Second+Edition&hl=sr&sa=X&    ved=2ahUKEwjslsmMy4z3AhX-_7sIHR5BD_QQ6AF6BAgDEAI#v=onepage&q&f=false},
    year={2021},
    publisher={Packt Publishing Ltd.}
}

@misc{
    Kulinarstvo_slasno_i_efikasno,
    title = {{Kulinarstvo --- slasno i efikasno}},
    note = {on-line at: \url{https://github.com/bataVeljko/Kulinarstvo-iOS-Widget}},
    author = {Marko Veljkovic}
}